<record><leader>00000cas a22000007a 4500</leader><controlfield tag="001">27546607</controlfield><controlfield tag="008">930224u192uuuuunmusr ne      0    0eng d</controlfield><datafield ind1=" " ind2=" " tag="010"><subfield code="a">sn 93061600 </subfield></datafield><datafield ind1=" " ind2=" " tag="040"><subfield code="a">NVM</subfield><subfield code="b">eng</subfield><subfield code="c">NVM</subfield><subfield code="d">OCLCQ</subfield><subfield code="d">OCLCF</subfield><subfield code="d">OCLCO</subfield></datafield><datafield ind1="1" ind2=" " tag="029"><subfield code="a">AU@</subfield><subfield code="b">000020743863</subfield></datafield><datafield ind1=" " ind2=" " tag="042"><subfield code="a">msc</subfield></datafield><datafield ind1=" " ind2=" " tag="043"><subfield code="a">n-us-nm</subfield></datafield><datafield ind1="0" ind2=" " tag="130"><subfield code="a">Union (Las Cruces, N.M.)</subfield></datafield><datafield ind1="1" ind2="4" tag="245"><subfield code="a">The union.</subfield></datafield><datafield ind1=" " ind2=" " tag="260"><subfield code="a">Las Cruces, N.M. :</subfield><subfield code="b">Las Cruces Union High School</subfield></datafield><datafield ind1=" " ind2=" " tag="300"><subfield code="a">v.</subfield></datafield><datafield ind1=" " ind2=" " tag="310"><subfield code="a">Semimonthly</subfield></datafield><datafield ind1=" " ind2=" " tag="588"><subfield code="a">Description based on: Vol. 1, no. 3 (Feb. 15, 1926).</subfield></datafield><datafield ind1=" " ind2="0" tag="651"><subfield code="a">Las Cruces (N.M.)</subfield><subfield code="v">Newspapers.</subfield></datafield><datafield ind1=" " ind2="0" tag="651"><subfield code="a">Don&#771;a Ana County (N.M.)</subfield><subfield code="v">Newspapers.</subfield></datafield><datafield ind1=" " ind2="7" tag="655"><subfield code="a">Newspapers.</subfield><subfield code="2">fast</subfield><subfield code="0">(OCoLC)fst01423814</subfield></datafield><datafield ind1=" " ind2="7" tag="651"><subfield code="a">New Mexico</subfield><subfield code="z">Don&#771;a Ana County.</subfield><subfield code="2">fast</subfield><subfield code="0">(OCoLC)fst01219025</subfield></datafield><datafield ind1=" " ind2="7" tag="651"><subfield code="a">New Mexico</subfield><subfield code="z">Las Cruces.</subfield><subfield code="2">fast</subfield><subfield code="0">(OCoLC)fst01213387</subfield></datafield><datafield ind1=" " ind2=" " tag="752"><subfield code="a">United States</subfield><subfield code="b">New Mexico</subfield><subfield code="c">Don&#771;a Ana</subfield><subfield code="d">Las Cruces.</subfield></datafield></record>